<?xml version="1.0" encoding="UTF-8"?>
  <record xmlns="http://www.loc.gov/MARC21/slim" type="Authority">
    <leader>00000nz  a2200000nc 4500</leader>
    <controlfield tag="001">118615394</controlfield>
    <controlfield tag="003">DE-101</controlfield>
    <controlfield tag="005">20220309171318.0</controlfield>
    <controlfield tag="008">880701n||azznnaabn           | aaa    |c</controlfield>
    <datafield tag="024" ind1="7" ind2=" ">
      <subfield code="a">118615394</subfield>
      <subfield code="0">http://d-nb.info/gnd/118615394</subfield>
      <subfield code="2">gnd</subfield>
    </datafield>
    <datafield tag="035" ind1=" " ind2=" ">
      <subfield code="a">(DE-101)118615394</subfield>
    </datafield>
    <datafield tag="035" ind1=" " ind2=" ">
      <subfield code="a">(DE-588)118615394</subfield>
    </datafield>
    <datafield tag="035" ind1=" " ind2=" ">
      <subfield code="z">(DE-588a)118615394</subfield>
      <subfield code="9">v:zg</subfield>
    </datafield>
    <datafield tag="035" ind1=" " ind2=" ">
      <subfield code="z">(DE-588c)4055457-0</subfield>
      <subfield code="9">v:zg</subfield>
    </datafield>
    <datafield tag="040" ind1=" " ind2=" ">
      <subfield code="a">DE-101</subfield>
      <subfield code="c">DE-101</subfield>
      <subfield code="9">r:DE-101</subfield>
      <subfield code="b">ger</subfield>
      <subfield code="d">9999</subfield>
    </datafield>
    <datafield tag="042" ind1=" " ind2=" ">
      <subfield code="a">gnd1</subfield>
    </datafield>
    <datafield tag="043" ind1=" " ind2=" ">
      <subfield code="c">XS</subfield>
    </datafield>
    <datafield tag="065" ind1=" " ind2=" ">
      <subfield code="a">16.5p</subfield>
      <subfield code="2">sswd</subfield>
    </datafield>
    <datafield tag="065" ind1=" " ind2=" ">
      <subfield code="a">7.14p</subfield>
      <subfield code="2">sswd</subfield>
    </datafield>
    <datafield tag="065" ind1=" " ind2=" ">
      <subfield code="a">12.2p</subfield>
      <subfield code="2">sswd</subfield>
    </datafield>
    <datafield tag="075" ind1=" " ind2=" ">
      <subfield code="b">p</subfield>
      <subfield code="2">gndgen</subfield>
    </datafield>
    <datafield tag="075" ind1=" " ind2=" ">
      <subfield code="b">piz</subfield>
      <subfield code="2">gndspec</subfield>
    </datafield>
    <datafield tag="079" ind1=" " ind2=" ">
      <subfield code="a">g</subfield>
      <subfield code="q">s</subfield>
      <subfield code="q">f</subfield>
      <subfield code="q">p</subfield>
      <subfield code="u">v</subfield>
      <subfield code="u">w</subfield>
    </datafield>
    <datafield tag="100" ind1="0" ind2=" ">
      <subfield code="a">Solon</subfield>
      <subfield code="d">v640-v560</subfield>
    </datafield>
    <datafield tag="377" ind1=" " ind2="7">
      <subfield code="a">grc</subfield>
      <subfield code="2">iso639-2b</subfield>
    </datafield>
    <datafield tag="400" ind1="0" ind2=" ">
      <subfield code="a">Solo</subfield>
      <subfield code="c">Legislator</subfield>
      <subfield code="d">v640-v560</subfield>
    </datafield>
    <datafield tag="400" ind1="0" ind2=" ">
      <subfield code="a">Solon</subfield>
      <subfield code="c">Nomographus</subfield>
      <subfield code="d">v640-v560</subfield>
    </datafield>
    <datafield tag="400" ind1="0" ind2=" ">
      <subfield code="a">Solon</subfield>
      <subfield code="c">Staatsmann</subfield>
      <subfield code="d">v640-v560</subfield>
    </datafield>
    <datafield tag="400" ind1="0" ind2=" ">
      <subfield code="a">Solon</subfield>
      <subfield code="c">Poeta</subfield>
      <subfield code="d">v640-v560</subfield>
    </datafield>
    <datafield tag="400" ind1="0" ind2=" ">
      <subfield code="a">Solo</subfield>
      <subfield code="c">Lyricus</subfield>
      <subfield code="d">v640-v560</subfield>
    </datafield>
    <datafield tag="400" ind1="0" ind2=" ">
      <subfield code="a">Solon</subfield>
      <subfield code="c">Athener</subfield>
      <subfield code="d">v640-v560</subfield>
    </datafield>
    <datafield tag="400" ind1="0" ind2=" ">
      <subfield code="a">Solon</subfield>
      <subfield code="c">Atheniensis</subfield>
      <subfield code="d">v640-v560</subfield>
    </datafield>
    <datafield tag="400" ind1="0" ind2=" ">
      <subfield code="a">Solon</subfield>
      <subfield code="c">von Athen</subfield>
      <subfield code="d">v640-v560</subfield>
    </datafield>
    <datafield tag="400" ind1="0" ind2=" ">
      <subfield code="a">Solon</subfield>
      <subfield code="c">Lyricus</subfield>
      <subfield code="d">v640-v560</subfield>
    </datafield>
    <datafield tag="400" ind1="0" ind2=" ">
      <subfield code="a">Solon</subfield>
      <subfield code="c">Dichter</subfield>
      <subfield code="d">v640-v560</subfield>
    </datafield>
    <datafield tag="400" ind1="0" ind2=" ">
      <subfield code="a">Solon</subfield>
      <subfield code="c">d'Athènes</subfield>
      <subfield code="d">v640-v560</subfield>
    </datafield>
    <datafield tag="400" ind1="0" ind2=" ">
      <subfield code="a">Solone</subfield>
      <subfield code="c">di Atene</subfield>
      <subfield code="d">v640-v560</subfield>
    </datafield>
    <datafield tag="400" ind1="0" ind2=" ">
      <subfield code="a">Solo</subfield>
      <subfield code="d">v640-v560</subfield>
    </datafield>
    <datafield tag="500" ind1="0" ind2=" ">
      <subfield code="0">(DE-101)118613928</subfield>
      <subfield code="0">(DE-588)118613928</subfield>
      <subfield code="0">https://d-nb.info/gnd/118613928</subfield>
      <subfield code="a">Septem Sapientes</subfield>
      <subfield code="4">bezb</subfield>
      <subfield code="4">https://d-nb.info/standards/elementset/gnd#professionalRelationship</subfield>
      <subfield code="w">r</subfield>
      <subfield code="i">Beziehung beruflich</subfield>
      <subfield code="e">Beziehung beruflich</subfield>
    </datafield>
    <datafield tag="548" ind1=" " ind2=" ">
      <subfield code="a">v640-v560</subfield>
      <subfield code="4">datl</subfield>
      <subfield code="4">https://d-nb.info/standards/elementset/gnd#dateOfBirthAndDeath</subfield>
      <subfield code="w">r</subfield>
      <subfield code="i">Lebensdaten</subfield>
      <subfield code="9">v:Geburtsjahr ca.</subfield>
    </datafield>
    <datafield tag="548" ind1=" " ind2=" ">
      <subfield code="a">v06-</subfield>
      <subfield code="4">datu</subfield>
      <subfield code="4">https://d-nb.info/standards/elementset/gnd#udkCode</subfield>
      <subfield code="w">r</subfield>
      <subfield code="i">UDK</subfield>
    </datafield>
    <datafield tag="548" ind1=" " ind2=" ">
      <subfield code="a">v05-</subfield>
      <subfield code="4">datu</subfield>
      <subfield code="4">https://d-nb.info/standards/elementset/gnd#udkCode</subfield>
      <subfield code="w">r</subfield>
      <subfield code="i">UDK</subfield>
    </datafield>
    <datafield tag="550" ind1=" " ind2=" ">
      <subfield code="0">(DE-101)041683919</subfield>
      <subfield code="0">(DE-588)4168391-2</subfield>
      <subfield code="0">https://d-nb.info/gnd/4168391-2</subfield>
      <subfield code="a">Lyriker</subfield>
      <subfield code="4">berc</subfield>
      <subfield code="4">https://d-nb.info/standards/elementset/gnd#professionOrOccupation</subfield>
      <subfield code="w">r</subfield>
      <subfield code="i">Charakteristischer Beruf</subfield>
    </datafield>
    <datafield tag="550" ind1=" " ind2=" ">
      <subfield code="0">(DE-101)040465179</subfield>
      <subfield code="0">(DE-588)4046517-2</subfield>
      <subfield code="0">https://d-nb.info/gnd/4046517-2</subfield>
      <subfield code="a">Politiker</subfield>
      <subfield code="4">beru</subfield>
      <subfield code="4">https://d-nb.info/standards/elementset/gnd#professionOrOccupation</subfield>
      <subfield code="w">r</subfield>
      <subfield code="i">Beruf</subfield>
    </datafield>
    <datafield tag="667" ind1=" " ind2=" ">
      <subfield code="a">12</subfield>
    </datafield>
    <datafield tag="667" ind1=" " ind2=" ">
      <subfield code="a">7</subfield>
    </datafield>
    <datafield tag="667" ind1=" " ind2=" ">
      <subfield code="a">VD-17</subfield>
    </datafield>
    <datafield tag="667" ind1=" " ind2=" ">
      <subfield code="a">12-PAN</subfield>
    </datafield>
    <datafield tag="667" ind1=" " ind2=" ">
      <subfield code="a">TITAN;Maschinell verknuepft mit DBL-Retro-Titeldaten</subfield>
    </datafield>
    <datafield tag="670" ind1=" " ind2=" ">
      <subfield code="a">PAN; Thes. ling. Graec.; Lex. alte Welt</subfield>
    </datafield>
    <datafield tag="670" ind1=" " ind2=" ">
      <subfield code="a">GND</subfield>
    </datafield>
    <datafield tag="672" ind1=" " ind2="0">
      <subfield code="a">Solon: Carmina</subfield>
      <subfield code="f">1566</subfield>
    </datafield>
    <datafield tag="672" ind1=" " ind2="0">
      <subfield code="a">Solon: Carminum paraphrasis</subfield>
      <subfield code="f">1558</subfield>
    </datafield>
    <datafield tag="672" ind1=" " ind2="0">
      <subfield code="a">Solon: Carminum quae supersunt</subfield>
      <subfield code="f">1825</subfield>
    </datafield>
    <datafield tag="672" ind1=" " ind2="0">
      <subfield code="a">Solon: The fragments of [the] poems</subfield>
      <subfield code="f">1919</subfield>
    </datafield>
    <datafield tag="672" ind1=" " ind2="0">
      <subfield code="a">Solon: Leges</subfield>
      <subfield code="f">1699</subfield>
    </datafield>
    <datafield tag="672" ind1=" " ind2="0">
      <subfield code="a">Solon: Leges</subfield>
      <subfield code="f">1733</subfield>
    </datafield>
    <datafield tag="672" ind1=" " ind2="0">
      <subfield code="a">Solon: Leges</subfield>
      <subfield code="f">1561</subfield>
    </datafield>
    <datafield tag="672" ind1=" " ind2="0">
      <subfield code="a">Solon: Leges</subfield>
      <subfield code="f">1635</subfield>
    </datafield>
    <datafield tag="672" ind1=" " ind2="0">
      <subfield code="a">Solon: Leges</subfield>
      <subfield code="f">1742</subfield>
    </datafield>
    <datafield tag="672" ind1=" " ind2="0">
      <subfield code="a">Expositio versuum Solonis et aliorum quorundam veterum Latina</subfield>
      <subfield code="f">1551</subfield>
    </datafield>
    <datafield tag="678" ind1=" " ind2=" ">
      <subfield code="b">Athen. Staatsmann, Gesetzgeber u. Lyriker, zählt zu den Sieben Weisen</subfield>
    </datafield>
    <datafield tag="678" ind1=" " ind2=" ">
      <subfield code="b">Lyriker, Politiker, Griechenland</subfield>
    </datafield>
    <datafield tag="678" ind1=" " ind2=" ">
      <subfield code="b">Lyriker, Politiker</subfield>
    </datafield>
    <datafield tag="913" ind1=" " ind2=" ">
      <subfield code="S">pnd</subfield>
      <subfield code="i">5</subfield>
      <subfield code="a">Solon</subfield>
      <subfield code="0">(DE-588a)118615394</subfield>
    </datafield>
  </record>
